@misc{1,
      title="The Implicit Bias of Gradient Descent on Separable Data", 
      author="Daniel Soudry and Elad Hoffer and Mor Shpigel Nacson and Suriya Gunasekar and Nathan Srebro",
      year="2022",
      note= "arXiv:1710.10345",
      % primaryClass="stat.ML"
}

@misc{2,
      title="Characterizing Implicit Bias in Terms of Optimization Geometry", 
      author="Suriya Gunasekar and Jason Lee and Daniel Soudry and Nathan Srebro",
      year="2020",
      note= "arXiv:1802.08246",
      % primaryClass={stat.ML}
}

@misc{3,
       title="Stability vs Implicit Bias of Gradient Methods on Separable Data and Beyond", 
       author="Matan Schliserman and Tomer Koren",
       year="2022",
       note= "arXiv:2202.13441",
       % primaryClass={cs.LG}
}

@misc{4,
       title="Implicit Bias of Gradient Descent for Mean Squared Error Regression with Two-Layer Wide Neural Networks", 
       author="Hui Jin and Guido Mont√∫far",
       year="2023",
       note= "arXiv:2006.07356",
       % primaryClass={stat.ML}
 }